@article{hoare1969axiomatic,
  title={An axiomatic basis for computer programming},
  author={Hoare, Charles Antony Richard},
  journal={Communications of the ACM},
  volume={12},
  number={10},
  pages={576--580},
  year={1969},
  publisher={ACM}
}

@misc{nytimesmariner,
author={By GLADWIN HILL Special to The New,York Times},
year={1962},
month={Jul 28},
title={For Want of Hyphen Venus Rocket Is Lost},
journal={New York Times (1923-Current file)},
pages={1},
} 

@book{godel2013kurt,
  title={Kurt G{\"o}del: Collected Works},
  author={G{\"o}del, Kurt and Feferman, Solomon and Goldfarb, Warren and Parsons, Charles and Sieg, Wilfried},
  volume={4},
  year={2013},
  publisher={Oxford University Press on Demand}
}
@book{brocard2013programming,
  title={The programming and proof system ATES: advanced techniques integration into efficient scientific software},
  author={Brocard, Didier and Gagert, P},
  volume={1},
  year={2013},
  publisher={Springer Science \& Business Media}
}
@inproceedings{reynolds2002separation,
  title={Separation logic: A logic for shared mutable data structures},
  author={Reynolds, John C},
  booktitle={Logic in Computer Science, 2002. Proceedings. 17th Annual IEEE Symposium on},
  pages={55--74},
  year={2002},
  organization={IEEE}
}
@misc{fbresearch, 
    title={Open-sourcing Facebook Infer: Identify bugs before you ship},
    howpublished={\url{https://research.fb.com/open-sourcing-facebook-infer-identify-bugs-before-you-ship/}},
    journal={Facebook Research}}
@inproceedings{filliatre2013why3,
  title={Why3—where programs meet provers},
  author={Filli{\^a}tre, Jean-Christophe and Paskevich, Andrei},
  booktitle={European Symposium on Programming},
  pages={125--128},
  year={2013},
  organization={Springer}
}
@inproceedings{xu2016practical,
  title={A practical verification framework for preemptive OS kernels},
  author={Xu, Fengwei and Fu, Ming and Feng, Xinyu and Zhang, Xiaoran and Zhang, Hui and Li, Zhaohui},
  booktitle={International Conference on Computer Aided Verification},
  pages={59--79},
  year={2016},
  organization={Springer}
}
@inproceedings{poernomo2003curry,
  title={The Curry-Howard isomorphism adapted for imperative program synthesis and reasoning},
  author={Poernomo, Iman and Crossley, John N},
  booktitle={Proceedings Of The 7th And 8th Asian Logic Conferences},
  pages={343--376},
  year={2003},
  organization={World Scientific}
}
@book{nipkow2002isabelle,
  title={Isabelle/HOL: a proof assistant for higher-order logic},
  author={Nipkow, Tobias and Paulson, Lawrence C and Wenzel, Markus},
  volume={2283},
  year={2002},
  publisher={Springer Science \& Business Media}
}
@article{leroy2012compcert,
  title={The CompCert verified compiler},
  author={Leroy, Xavier and others},
  journal={Documentation and user’s manual. INRIA Paris-Rocquencourt},
  year={2012}
}

@misc{sel4_2019, 
     title={seL4/l4v}, 
     howpublished={\url{https://github.com/seL4/l4v}},
     journal={GitHub}, 
     author={seL4}, 
     year={2019}, 
     month={Jan}} 

@misc{usdinflation-1962-2019,
    title={{U.S. Inflation Rate}, \$18,500,000 in 1962 to 2019},
    author={U.S. Official Inflation Data}, 
    note={Alioth Finance. Accessed: 2019-01-25}
}


@article{von1993first,
  title={First Draft of a Report on the EDVAC},
  author={Von Neumann, John},
  journal={IEEE Annals of the History of Computing},
  number={4},
  pages={27--75},
  year={1993},
  publisher={IEEE}
}
@article{goldstine1947planning,
  title={Planning and coding of problems for an electronic computing instrument},
  author={Goldstine, Herman Heine and Von Neumann, John},
  year={1947},
  publisher={Institute for Advanced Study Princeton, NJ}
}

@unpublished{univacintro,
    title={Introduction to Programming},
    note={Typewritten manuscript, 11 June 1949. Hagley Archives, Sperry Rand Corporation: Univac Division}
}
@article{hayes1993discovery,
  title={The discovery of debugging},
  author={Hayes, Brian},
  journal={The Sciences},
  volume={33},
  number={4},
  pages={10--13},
  year={1993},
  publisher={Wiley Online Library}
}


@article{backus1981history,
  title={The history of Fortran I, II, and III},
  author={Backus, John},
  journal={Wexelblat, editor, History of Programming Languages},
  pages={25--45},
  year={1981}
}
@incollection{dijkstra1978guarded,
  title={Guarded commands, nondeterminacy, and formal derivation of programs},
  author={Dijkstra, Edsger W},
  booktitle={Programming Methodology},
  pages={166--175},
  year={1978},
  publisher={Springer}
}

@article{dijkstra1968letters,
  title={Letters to the editor: go to statement considered harmful},
  author={Dijkstra, Edsger W},
  journal={Communications of the ACM},
  volume={11},
  number={3},
  pages={147--148},
  year={1968},
  publisher={ACM}
}
@book{mccracken1976simplified,
  title={A simplified guide to structured COBOL programming},
  author={McCracken, Daniel D},
  year={1976},
  publisher={John Wiley \& Sons, Inc.}
}
@article{kemeny1986structured,
  title={Structured BASIC programming},
  author={Kemeny, JG and Kurtz, TE},
  year={1986},
  publisher={John Wiley \& Sons, Inc.}
}

@incollection{mccarthy1959basis,
  title={A basis for a mathematical theory of computation},
  author={McCarthy, John},
  booktitle={Studies in Logic and the Foundations of Mathematics},
  volume={26},
  pages={33--70},
  year={1959},
  publisher={Elsevier}
}
@article{naur1966proof,
  title={Proof of algorithms by general snapshots},
  author={Naur, Peter},
  journal={BIT Numerical Mathematics},
  volume={6},
  number={4},
  pages={310--316},
  year={1966},
  publisher={Springer}
}
@article{floyd1967assigning,
  title={Assigning meanings to programs},
  author={Floyd, Robert W},
  journal={Mathematical aspects of computer science},
  volume={19},
  number={19-32},
  pages={1},
  year={1967}
}
@article{van1966numerical,
  title={Numerical analysis as an independent science},
  author={Van Wijngaarden, A},
  journal={BIT Numerical Mathematics},
  volume={6},
  number={1},
  pages={66--81},
  year={1966},
  publisher={Springer}
}
@inproceedings{turing1989checking,
  title={Checking a large routine},
  author={Turing, Alan},
  booktitle={The early British computer conferences},
  pages={70--72},
  year={1989},
  organization={MIT Press}
}
@inproceedings{myreen2012proof,
  title={Proof-producing synthesis of ML from higher-order logic},
  author={Myreen, Magnus O and Owens, Scott},
  booktitle={ACM SIGPLAN Notices},
  volume={47},
  number={9},
  pages={115--126},
  year={2012},
  organization={ACM}
}

@article{turing1937computable,
  title={On computable numbers, with an application to the Entscheidungsproblem},
  author={Turing, Alan M},
  journal={Proceedings of the London mathematical society},
  volume={2},
  number={1},
  pages={230--265},
  year={1937},
  publisher={Wiley Online Library}
}
@book{van2012revised,
  title={Revised report on the algorithmic language Algol 68},
  author={van Wijngaarden, Adriaan and Mailloux, Barry James and Peck, John EL and Koster, Cornelis HA and Lindsey, CH and Sintzoff, M and Meertens, LGLT and Fisker, RG},
  year={2012},
  publisher={Springer Science \& Business Media}
}
@article{rice1953classes,
  title={Classes of recursively enumerable sets and their decision problems},
  author={Rice, Henry Gordon},
  journal={Transactions of the American Mathematical Society},
  volume={74},
  number={2},
  pages={358--366},
  year={1953},
  publisher={JSTOR}
}

@article{andrei1998collatz,
  title={About the Collatz conjecture},
  author={Andrei, {\c{S}}tefan and Masalagiu, Cristian},
  journal={Acta Informatica},
  volume={35},
  number={2},
  pages={167--179},
  year={1998},
  publisher={Springer}
}
@article{hoare1973axiomatic,
  title={An axiomatic definition of the programming language PASCAL},
  author={Hoare, Charles Antony Richard and Wirth, Niklaus},
  journal={Acta Informatica},
  volume={2},
  number={4},
  pages={335--355},
  year={1973},
  publisher={Springer}
}
@techreport{king1969program,
  title={A program verifier.},
  author={King, James C},
  year={1969},
  institution={CARNEGIE-MELLON UNIV PITTSBURGH PA DEPT OF COMPUTER SCIENCE}
}

