@article{burstall1969proving,
  title={Proving properties of programs by structural induction},
  author={Burstall, Rod M},
  journal={The Computer Journal},
  volume={12},
  number={1},
  pages={41--48},
  year={1969},
  publisher={The British Computer Society}
}

@misc{nytimesmariner,
author={By GLADWIN HILL Special to The New,York Times},
year={1962},
month={Jul 28},
title={For Want of Hyphen Venus Rocket Is Lost},
journal={New York Times (1923-Current file)},
pages={1},
}


@incollection{mccarthy1963basis,
  title={A Basis for a Mathematical Theory of Computation},
  author={McCarthy, John},
  booktitle={Studies in Logic and the Foundations of Mathematics},
  volume={35},
  pages={33--70},
  year={1963},
  publisher={Elsevier}
}


@inproceedings{turing1989checking,
  title={Checking a large routine},
  author={Turing, Alan},
  booktitle={The early British computer conferences},
  pages={70--72},
  year={1989},
  organization={MIT Press}
}


@article{naur1966proof,
  title={Proof of algorithms by general snapshots},
  author={Naur, Peter},
  journal={BIT Numerical Mathematics},
  volume={6},
  number={4},
  pages={310--316},
  year={1966},
  publisher={Springer}
}

@article{goldstine1947planning,
  title={Planning and coding of problems for an electronic computing instrument},
  author={Goldstine, Herman Heine and Von Neumann, John},
  year={1947},
  publisher={Institute for Advanced Study Princeton, NJ}
}

@article{mccarthy1967correctness,
  title={Correctness of a compiler for arithmetic expressions},
  author={McCarthy, John and Painter, James},
  journal={Mathematical aspects of computer science},
  volume={1},
  year={1967}
}

@book{simon1996models,
  title={Models of my life},
  author={Simon, Herbert A},
  year={1996},
  publisher={MIT press}
}

@book{ullman1994elements,
  title={Elements of ML programming},
  author={Ullman, Jeffrey D},
  volume={2},
  year={1994},
  publisher={Prentice Hall Englewood Cliffs, NJ}
}

@article{yushkovskiy2018comparison,
  title={Comparison of Two Theorem Provers: Isabelle/HOL and Coq},
  author={Yushkovskiy, Artem and Tripakis, Stavros},
  journal={arXiv preprint arXiv:1808.09701},
  year={2018}
}

@article{aubin1979mechanizing,
  title={Mechanizing structural induction part I: Formal system},
  author={Aubin, Raymond},
  journal={Theoretical Computer Science},
  volume={9},
  number={3},
  pages={329--345},
  year={1979},
  publisher={Elsevier}
}

@techreport{brotz1974embedding,
  title={Embedding heuristic problem solving methods in a mechanical theorem prover},
  author={Brotz, Douglas K},
  year={1974}
}

@misc{olivecc,
    title={An Axiomatic Basis for Computer Programming: Summary},
    author={Vecchini, Oliver}
    year={2019}
}
@inproceedings{gimenez1998structural,
  title={Structural recursive definitions in type theory},
  author={Gim{\'e}nez, Eduardo},
  booktitle={International Colloquium on Automata, Languages, and Programming},
  pages={397--408},
  year={1998},
  organization={Springer}
}

@inproceedings{claessen2012hipspec,
  title={HipSpec: Automating Inductive Proofs of Program Properties.},
  author={Claessen, Koen and Johansson, Moa and Ros{\'e}n, Dan and Smallbone, Nicholas},
  booktitle={ATx/WInG@ IJCAR},
  year={2012}
}
@misc{acl2,
    title={Introduction to ACL2},
    howpublished={\url{http://www.cs.utexas.edu/users/moore/acl2/v2-7/INTRODUCTION.html}},
}


@article{manna1970formalization,
  title={Formalization of properties of functional programs},
  author={Manna, Zohar and Pnueli, Amir},
  journal={Journal of the ACM (JACM)},
  volume={17},
  number={3},
  pages={555--569},
  year={1970},
  publisher={ACM}
}

@techreport{manna1969properties,
  title={Properties of programs and partial function logic},
  author={Manna, Zohar and McCarthy, John},
  year={1969},
  institution={STANFORD UNIV CALIF DEPT OF COMPUTER SCIENCE}
}


@article{curry1958combinatory,
  title={Combinatory Logic, Vol. 1 North-Holland Pub},
  author={Curry, HB and Feys, R and Craig, W},
  journal={Co., Amsterdam},
  year={1958}
}
@article{brady1977hints,
  title={Hints on proofs by recursion induction},
  author={Brady, JM},
  journal={The Computer Journal},
  volume={20},
  year={1977},
  publisher={Oxford University Press}
}

@article{floyd1967assigning,
  title={Assigning meanings to programs},
  author={Floyd, Robert W},
  journal={Mathematical aspects of computer science},
  volume={19},
  number={19-32},
  pages={1},
  year={1967}
}
@article{mccarthy1959recursive,
  title={Recursive functions of symbolic expressions and their computation by machine},
  author={McCarthy, John},
  year={1959}
}

@article{church1936unsolvable,
  title={An unsolvable problem of elementary number theory},
  author={Church, Alonzo},
  journal={American journal of mathematics},
  volume={58},
  number={2},
  pages={345--363},
  year={1936},
  publisher={JSTOR}
}



@article{schonfinkel1924bausteine,
  title={{\"U}ber die Bausteine der mathematischen Logik},
  author={Sch{\"o}nfinkel, Moses},
  journal={Mathematische annalen},
  volume={92},
  number={3},
  pages={305--316},
  year={1924},
  publisher={Springer}
}
