@article{diffie1976new,
  title={New directions in cryptography},
  author={Diffie, Whitfield and Hellman, Martin},
  journal={IEEE transactions on Information Theory},
  volume={22},
  number={6},
  pages={644--654},
  year={1976},
  publisher={IEEE}
}

@article{ellis1987story,
  title={The story of non-secret encryption},
  author={Ellis, James H and others},
  journal={CESG Report},
  year={1987}
}

@misc{citkerckhoff,
    title={Kerckhoff's Principle},
    howpublished={\url{en.citizendium.org/wiki/Kerckhoffs'_Principle/}},
    journal={Citizendium}
}

@incollection{delfs2007symmetric,
  author={Delfs, Hans and Knebl, Helmut},
  booktitle={Introduction to Cryptography},
  year={2007},
  publisher={Springer}
}

@article{rivest1978method,
  title={A method for obtaining digital signatures and public-key cryptosystems},
  author={Rivest, Ronald L and Shamir, Adi and Adleman, Leonard},
  journal={Communications of the ACM},
  volume={21},
  year={1978},
  publisher={ACM}
}

@article{merkle1978secure,
  title={Secure communications over insecure channels},
  author={Merkle, Ralph C},
  journal={CACM},
  volume={21},
  pages={294--9},
  year={1978},
}

@inproceedings{naor1989universal,
  title={Universal one-way hash functions and their cryptographic applications},
  author={Naor, Moni and Yung, Moti},
  booktitle={Proceedings of the 21st annual ACM symposium on Theory of computing},
}

@inproceedings{papadimitriou1997np,
  title={NP-completeness: A retrospective},
  author={Papadimitriou, Christos H},
  booktitle={International Colloquium on Automata, Languages, and Programming},
  pages={2--6},
  year={1997},
  organization={Springer}
}

@inproceedings{perlner2009quantum,
  title={Quantum resistant public key cryptography: a survey},
  author={Perlner, Ray A and Cooper, David A},
  booktitle={Proceedings of the 8th Symposium on Identity and Trust on the Internet},
  year={2009},
  organization={ACM}
}

@article{lopez2000overview,
  title={An overview of elliptic curve cryptography},
  author={Lopez, Julio and Dahab, Ricardo},
  year={2000},
  publisher={Citeseer}
}

@article{dorey2017internet,
  title={An Internet-Wide Analysis of Diffie-Hellman Key Exchange and X. 509 Certificates in TLS},
  author={Dorey, Kristen},
  year={2017}
}

