@article{strassen1969gaussian,
  title={Gaussian elimination is not optimal},
  author={Strassen, Volker},
  journal={Numerische mathematik},
  volume={13},
  number={4},
  pages={354--356},
  year={1969},
  publisher={Springer}
}

@article{winograd1968new,
  title={A new algorithm for inner product},
  author={Winograd, Shmuel},
  journal={IEEE Transactions on Computers},
  volume={100},
  number={7},
  pages={693--694},
  year={1968},
  publisher={IEEE}
}

@techreport{brent1970algorithms,
  title={Algorithms for matrix multiplication},
  author={Brent, Richard P},
  year={1970},
  institution={STANFORD UNIV CA DEPT OF COMPUTER SCIENCE}
}

@techreport{klyuev1965minimization,
  title={On the minimization of the number of arithmetic operations for the solution of linear algebraic systems of equations},
  author={Klyuev, VV and Kokovkin-Shcherbak, NI},
  year={1965},
  institution={STANFORD UNIV CALIF DEPT OF COMPUTER SCIENCE}
}

@article{gates2001strassen,
  title={Strassen's Algorithm Made (Somewhat) More Natural: A Pedagogical Remark},
  author={Gates, Ann Q. and Kreinovich, Vladik},
  journal={Bulletin of the EATCS},
  volume={73},
  pages={142--145},
  year={2001}
}

@article{juby2012r,
  title={R. Vijaya K.,“Comparative Study of Strassen’s Matrix Multiplication algorithm”},
  author={Juby, M},
  journal={International Journal of Computer Science And Technology IJCST},
  volume={3},
  number={1},
  year={2012}
}

@article{robinson2005toward,
  title={Toward an optimal algorithm for matrix multiplication},
  author={Robinson, Sara},
  journal={SIAM news},
  volume={38},
  number={9},
  pages={1--3},
  year={2005}
}

@article{coppersmith1990matrix,
  title={Matrix multiplication via arithmetic progressions},
  author={Coppersmith, Don and Winograd, Shmuel},
  journal={Journal of symbolic computation},
  volume={9},
  number={3},
  pages={251--280},
  year={1990},
  publisher={Academic Press}
}

@article{knuth1965translation,
  title={On the translation of languages from left to right},
  author={Knuth, Donald E},
  journal={Information and control},
  volume={8},
  number={6},
  pages={607--639},
  year={1965},
  publisher={Elsevier}
}

@book{calinger1999contextual,
  title={A contextual history of mathematics: To Euler},
  author={Calinger, Ronald and Brown, Joseph E and West, Thomas R},
  year={1999},
  publisher={Prentice Hall Upper Saddle River, NJ}
}
