@article{lamport1978time,
  title={Time, clocks, and the ordering of events in a distributed system},
  author={Lamport, Leslie},
  journal={Communications of the ACM},
  volume={21},
  number={7},
  pages={558--565},
  year={1978},
  publisher={ACM}
}

@article{alpern1985defining,
  title={Defining liveness},
  author={Alpern, Bowen and Schneider, Fred B},
  journal={Information processing letters},
  volume={21},
  number={4},
  pages={181--185},
  year={1985},
  publisher={Elsevier}
}
@incollection{dijkstra1968cooperating,
  title={Cooperating sequential processes},
  author={Dijkstra, Edsger W},
  booktitle={The origin of concurrent programming},
  pages={65--138},
  year={1968},
  publisher={Springer}
}
@article{ellingson1973dissemination,
  title={Dissemination of system time},
  author={Ellingson, C and Kulpinski, Richard},
  journal={IEEE Transactions on Communications},
  volume={21},
  number={5},
  pages={605--624},
  year={1973},
  publisher={IEEE}
}


@article{dijkstra1965solution,
 author = {Dijkstra, E. W.},
 title = {Solution of a Problem in Concurrent Programming Control},
 journal = {Commun. ACM},
 issue_date = {Sept. 1965},
 volume = {8},
 number = {9},
 month = sep,
 year = {1965},
 issn = {0001-0782},
 pages = {569--},
 url = {http://doi.acm.org/10.1145/365559.365617},
 doi = {10.1145/365559.365617},
 acmid = {365617},
 publisher = {ACM},
 address = {New York, NY, USA},
} 
@article{anderson2002seti,
  title={SETI@ home: an experiment in public-resource computing},
  author={Anderson, David P},
  journal={Communications of the ACM},
  year={2002},
  publisher={ACM}
}
@article{lamport2001paxos,
  title={Paxos made simple},
  author={Lamport, Leslie and others},
  journal={ACM Sigact News},
  volume={32},
  number={4},
  pages={18--25},
  year={2001}
}
@book{fidge1987timestamps,
  title={Timestamps in message-passing systems that preserve the partial ordering},
  author={Fidge, Colin J},
  year={1987},
  publisher={Australian National University. Department of Computer Science}
}
@article{drummond2003reducing,
  title={On reducing the complexity of matrix clocks},
  author={Drummond, L{\'u}cia MA and Barbosa, Valmir C},
  journal={Parallel Computing},
  volume={29},
  number={7},
  pages={895--905},
  year={2003},
  publisher={Elsevier}
}
@book{velazques1993survey,
  title={A survey of distributed mutual exclusion algorithms},
  author={Velazques, Martin G},
  year={1993},
  publisher={CSU}
}
@article{lamport1985synchronizing,
  title={Synchronizing clocks in the presence of faults},
  author={Lamport, Leslie and Melliar-Smith, P Michael},
  journal={Journal of the ACM (JACM)},
  volume={32},
  number={1},
  pages={52--78},
  year={1985},
  publisher={ACM}
}

@article{decandia2007dynamo,
 author = {DeCandia},
 title = {Dynamo: Amazon's Highly Available Key-value Store},
 journal = {SIGOPS OS Rev.},
 year = {2007},
 publisher = {ACM},
} 

@article{lamport1974new,
 author = {Lamport, Leslie},
 title = {A New Solution of Dijkstra's Concurrent Programming Problem},
 journal = {Commun. ACM},
 issue_date = {Aug. 1974},
 volume = {17},
 number = {8},
 month = aug,
 year = {1974},
 issn = {0001-0782},
 pages = {453--455},
 numpages = {3},
 url = {http://doi.acm.org/10.1145/361082.361093},
 doi = {10.1145/361082.361093},
 acmid = {361093},
 publisher = {ACM},
 address = {New York, NY, USA},
 keywords = {concurrent programming, critical section, multiprocessing, semaphores},
} 


@book{naughton2015brief,
  title={A Brief History of the Future},
  author={Naughton, J.},
  isbn={9781474602778},
  url={https://books.google.co.uk/books?id=bbonCgAAQBAJ},
  year={2015},
  publisher={Orion}
}
@article{hauben2007history,
  title={History of ARPANET},
  author={Hauben, Michael},
  journal={Site de lâ€™ISEP},
  year={2007}
}
@article{clegg1996clock,
  title={Clock Synchronization in Hard Real-Time Distributed Systems,"},
  author={Clegg, Matt and Marzullo, Keith},
  journal={UCSD Technical Report CS96-478},
  year={1996}
}

@mastersthesis{flesjo2008developing,
  title={Developing malware-a scot analysis of the success of malware},
  author={Flesj{\o}, Erlend},
  year={2008}
}
@inproceedings{Thomas1971McROSSAM,
  title={McROSS: a multi-computer programming system},
  author={Robert H. Thomas and D. Austin Henderson},
  booktitle={AFIPS Spring Joint Computing Conference},
  year={1971}
}
